@inproceedings{Datta:2006:ECCV,
 author = {Datta, Ritendra and Joshi, Dhiraj and Li, Jia and Wang, James Z.},
 title = {Studying Aesthetics in Photographic Images Using a Computational Approach},
 booktitle = {Proceedings of the 9th European Conference on Computer Vision - Volume Part III},
 series = {ECCV'06},
 year = {2006},
 isbn = {3-540-33836-5, 978-3-540-33836-9},
 location = {Graz, Austria},
 pages = {288--301},
 numpages = {14},
 url = {http://dx.doi.org/10.1007/11744078_23},
 doi = {10.1007/11744078_23},
 acmid = {2129588},
 publisher = {Springer-Verlag},
 address = {Berlin, Heidelberg},
} 

@inproceedings{Ke:2006:CVPR,
 author = {Ke, Yan and Tang, Xiaoou and Jing, Feng},
 title = {The Design of High-Level Features for Photo Quality Assessment},
 booktitle = {Proceedings of the 2006 IEEE Computer Society Conference on Computer Vision and Pattern Recognition - Volume 1},
 series = {CVPR '06},
 year = {2006},
 isbn = {0-7695-2597-0},
 pages = {419--426},
 numpages = {8},
 url = {http://dx.doi.org/10.1109/CVPR.2006.303},
 doi = {10.1109/CVPR.2006.303},
 acmid = {1153495},
 publisher = {IEEE Computer Society},
 address = {Washington, DC, USA},
} 

@inproceedings{Cohen-Or:2006:SIGGRAPH,
 author = {Cohen-Or, Daniel and Sorkine, Olga and Gal, Ran and Leyvand, Tommer and Xu, Ying-Qing},
 title = {Color Harmonization},
 booktitle = {ACM SIGGRAPH 2006 Papers},
 series = {SIGGRAPH '06},
 year = {2006},
 isbn = {1-59593-364-6},
 location = {Boston, Massachusetts},
 pages = {624--630},
 numpages = {7},
 url = {http://doi.acm.org/10.1145/1179352.1141933},
 doi = {10.1145/1179352.1141933},
 acmid = {1141933},
 publisher = {ACM},
 address = {New York, NY, USA},
 keywords = {color harmonization, computational aesthetics, cut-and-paste, image enhancement},
} 

@inproceedings{Luo:2008:ECCV,
 author = {Luo, Yiwen and Tang, Xiaoou},
 title = {Photo and Video Quality Evaluation: Focusing on the Subject},
 booktitle = {Proceedings of the 10th European Conference on Computer Vision: Part III},
 series = {ECCV '08},
 year = {2008},
 isbn = {978-3-540-88689-1},
 location = {Marseille, France},
 pages = {386--399},
 numpages = {14},
 url = {http://dx.doi.org/10.1007/978-3-540-88690-7_29},
 doi = {10.1007/978-3-540-88690-7_29},
 acmid = {1478204},
 publisher = {Springer-Verlag},
 address = {Berlin, Heidelberg},
} 

@inproceedings{Bhattacharya:2010:ACMMM,
 author = {Bhattacharya, Subhabrata and Sukthankar, Rahul and Shah, Mubarak},
 title = {A Framework for Photo-quality Assessment and Enhancement Based on Visual Aesthetics},
 booktitle = {Proceedings of the 18th ACM International Conference on Multimedia},
 series = {MM '10},
 year = {2010},
 isbn = {978-1-60558-933-6},
 location = {Firenze, Italy},
 pages = {271--280},
 numpages = {10},
 url = {http://doi.acm.org/10.1145/1873951.1873990},
 doi = {10.1145/1873951.1873990},
 acmid = {1873990},
 publisher = {ACM},
 address = {New York, NY, USA},
 keywords = {interactive photo tools, quality enhancement, spatial recomposition},
} 

@INPROCEEDINGS{Sagnik:2011:CVPR ,
author={S. Dhar and V. Ordonez and T. L. Berg}, 
booktitle={Computer Vision and Pattern Recognition (CVPR), 2011 IEEE Conference on}, 
title={High level describable attributes for predicting aesthetics and interestingness}, 
year={2011}, 
pages={1657-1664}, 
keywords={Internet;cameras;image processing;philosophical aspects;query processing;Flickr photo;aesthetic quality estimation;aesthetics prediction;baseline method;digital camera;high level describable attribute;human quality judgment;image collection;natural lighting condition;query estimation;sky-illumination attribute;visual data;Animals;Humans;Image color analysis;Lighting;Support vector machines;Training;Visualization}, 
doi={10.1109/CVPR.2011.5995467}, 
ISSN={1063-6919}, 
month={June},}

@article{Tang:2013:TMM,
 author = {Tang, Xiaoou and Luo, Wei and Wang, Xiaogang},
 title = {Content-Based Photo Quality Assessment},
 journal = {Trans. Multi.},
 issue_date = {December 2013},
 volume = {15},
 number = {8},
 month = dec,
 year = {2013},
 issn = {1520-9210},
 pages = {1930--1943},
 numpages = {14},
 url = {http://dx.doi.org/10.1109/TMM.2013.2269899},
 doi = {10.1109/TMM.2013.2269899},
 acmid = {2719541},
 publisher = {IEEE Press},
 address = {Piscataway, NJ, USA},
} 

@inproceedings{Marchesotti:2011:ICCV,
 author = {Marchesotti, Luca and Perronnin, Florent and Larlus, Diane and Csurka, Gabriela},
 title = {Assessing the Aesthetic Quality of Photographs Using Generic Image Descriptors},
 booktitle = {Proceedings of the 2011 International Conference on Computer Vision},
 series = {ICCV '11},
 year = {2011},
 isbn = {978-1-4577-1101-5},
 pages = {1784--1791},
 numpages = {8},
 url = {http://dx.doi.org/10.1109/ICCV.2011.6126444},
 doi = {10.1109/ICCV.2011.6126444},
 acmid = {2356439},
 publisher = {IEEE Computer Society},
 address = {Washington, DC, USA},
} 

@inproceedings{Su:2011:ACMMM,
 author = {Su, Hsiao-Hang and Chen, Tse-Wei and Kao, Chieh-Chi and Hsu, Winston H. and Chien, Shao-Yi},
 title = {Scenic Photo Quality Assessment with Bag of Aesthetics-preserving Features},
 booktitle = {Proceedings of the 19th ACM International Conference on Multimedia},
 series = {MM '11},
 year = {2011},
 isbn = {978-1-4503-0616-4},
 location = {Scottsdale, Arizona, USA},
 pages = {1213--1216},
 numpages = {4},
 url = {http://doi.acm.org/10.1145/2072298.2071977},
 doi = {10.1145/2072298.2071977},
 acmid = {2071977},
 publisher = {ACM},
 address = {New York, NY, USA},
 keywords = {aesthetic modeling, photo aesthetic quality assessment},
}

@inproceedings{Perronnin:2010:ECCV,
 author = {Perronnin, Florent and S\'{a}nchez, Jorge and Mensink, Thomas},
 title = {Improving the Fisher Kernel for Large-scale Image Classification},
 booktitle = {Proceedings of the 11th European Conference on Computer Vision: Part IV},
 series = {ECCV'10},
 year = {2010},
 isbn = {3-642-15560-X, 978-3-642-15560-4},
 location = {Heraklion, Crete, Greece},
 pages = {143--156},
 numpages = {14},
 url = {http://dl.acm.org/citation.cfm?id=1888089.1888101},
 acmid = {1888101},
 publisher = {Springer-Verlag},
 address = {Berlin, Heidelberg},
} 

@inproceedings{Lu:2014:ACMMM,
 author = {Lu, Xin and Lin, Zhe and Jin, Hailin and Yang, Jianchao and Wang, James Z.},
 title = {RAPID: Rating Pictorial Aesthetics Using Deep Learning},
 booktitle = {Proceedings of the 22Nd ACM International Conference on Multimedia},
 series = {MM '14},
 year = {2014},
 isbn = {978-1-4503-3063-3},
 location = {Orlando, Florida, USA},
 pages = {457--466},
 numpages = {10},
 url = {http://doi.acm.org/10.1145/2647868.2654927},
 doi = {10.1145/2647868.2654927},
 acmid = {2654927},
 publisher = {ACM},
 address = {New York, NY, USA},
 keywords = {deep learning, image aesthetics, multi-column deep neural networks},
} 

@inproceedings{Kang:2014:CVPR,
 author = {Kang, Le and Ye, Peng and Li, Yi and Doermann, David},
 title = {Convolutional Neural Networks for No-Reference Image Quality Assessment},
 booktitle = {Proceedings of the 2014 IEEE Conference on Computer Vision and Pattern Recognition},
 series = {CVPR '14},
 year = {2014},
 isbn = {978-1-4799-5118-5},
 pages = {1733--1740},
 numpages = {8},
 url = {http://dx.doi.org/10.1109/CVPR.2014.224},
 doi = {10.1109/CVPR.2014.224},
 acmid = {2680212},
 publisher = {IEEE Computer Society},
 address = {Washington, DC, USA},
 keywords = {Convolutional Neural Network, image quality assessment},
} 

@inproceedings{Mai:2016:CVPR,
author = {Mai, Long and Jin, Hailin and Liu, Feng},
title = {Composition-Preserving Deep Photo Aesthetics Assessment},
booktitle = {The IEEE Conference on Computer Vision and Pattern Recognition (CVPR)},
month = {June},
year = {2016}
}

@inproceedings{Kaiming:archive:2014,
  author    = {Kaiming He and
               Xiangyu Zhang and
               Shaoqing Ren and
               Jian Sun},
  title     = {Spatial Pyramid Pooling in Deep Convolutional Networks for Visual
               Recognition},
  journal   = {CoRR},
  volume    = {abs/1406.4729},
  year      = {2014},
  url       = {http://arxiv.org/abs/1406.4729},
  timestamp = {Tue, 01 Jul 2014 11:58:08 +0200},
  biburl    = {http://dblp.uni-trier.de/rec/bib/journals/corr/HeZR014},
  bibsource = {dblp computer science bibliography, http://dblp.org}
}

@inproceedings{Lu:2015:ICCV,
 author = {Lu, Xin and Lin, Zhe and Shen, Xiaohui and Mech, Radomir and Wang, James Z.},
 title = {Deep Multi-patch Aggregation Network for Image Style, Aesthetics, and Quality Estimation},
 booktitle = {Proceedings of the 2015 IEEE International Conference on Computer Vision (ICCV)},
 series = {ICCV '15},
 year = {2015},
 isbn = {978-1-4673-8391-2},
 pages = {990--998},
 numpages = {9},
 url = {http://dx.doi.org/10.1109/ICCV.2015.119},
 doi = {10.1109/ICCV.2015.119},
 acmid = {2919783},
 publisher = {IEEE Computer Society},
 address = {Washington, DC, USA},
} 

@inproceedings{Tang:2014:CVPR,
 author = {Tang, Huixuan and Joshi, Neel and Kapoor, Ashish},
 title = {Blind Image Quality Assessment Using Semi-supervised Rectifier Networks},
 booktitle = {Proceedings of the 2014 IEEE Conference on Computer Vision and Pattern Recognition},
 series = {CVPR '14},
 year = {2014},
 isbn = {978-1-4799-5118-5},
 pages = {2877--2884},
 numpages = {8},
 url = {http://dx.doi.org/10.1109/CVPR.2014.368},
 doi = {10.1109/CVPR.2014.368},
 acmid = {2680017},
 publisher = {IEEE Computer Society},
 address = {Washington, DC, USA},
} 

@ARTICLE{Aes and emotion, 
author={D. Joshi and R. Datta and E. Fedorovskaya and Q. T. Luong and J. Z. Wang and J. Li and J. Luo}, 
journal={IEEE Signal Processing Magazine}, 
title={Aesthetics and Emotions in Images}, 
year={2011}, 
volume={28}, 
number={5}, 
pages={94-115}, 
keywords={art;image processing;inference mechanisms;painting;philosophical aspects;photography;psychology;aesthetics;computational inference;emotion inference;paintings;philosophy;photography;psychology;visual arts;Data visualization;Emotion recognition;Human factors;Painting;Photography;Semantics}, 
doi={10.1109/MSP.2011.941851}, 
ISSN={1053-5888}, 
month={Sept},}


@ARTICLE{photographer's eyes, 
author={D. Joshi and R. Datta and E. Fedorovskaya and Q. T. Luong and J. Z. Wang and J. Li and J. Luo}, 
journal={IEEE Signal Processing Magazine}, 
title={Aesthetics and Emotions in Images}, 
year={2011}, 
volume={28}, 
number={5}, 
pages={94-115}, 
keywords={art;image processing;inference mechanisms;painting;philosophical aspects;photography;psychology;aesthetics;computational inference;emotion inference;paintings;philosophy;photography;psychology;visual arts;Data visualization;Emotion recognition;Human factors;Painting;Photography;Semantics}, 
doi={10.1109/MSP.2011.941851}, 
ISSN={1053-5888}, 
month={Sept},}

@INPROCEEDINGS{C. Yang:2013:CVPR, 
author={C. Yang and L. Zhang and H. Lu and X. Ruan and M. H. Yang}, 
booktitle={Computer Vision and Pattern Recognition (CVPR), 2013 IEEE Conference on}, 
title={Saliency Detection via Graph-Based Manifold Ranking}, 
year={2013}, 
pages={3166-3173}, 
keywords={feature extraction;graph theory;image representation;image segmentation;matrix algebra;affinity matrices;background cues;background querying;background region extraction;background region segmentation;bottom-up methods;close-loop graph;foreground cues;foreground querying;foreground saliency;foreground salient object extraction;graph-based manifold ranking;image representation;saliency detection;saliency model;Computational modeling;Image color analysis;Image segmentation;Labeling;Manifolds;Object detection;Vectors}, 
doi={10.1109/CVPR.2013.407}, 
ISSN={1063-6919}, 
month={June},}
